@article{sample2023,
  title={Sample Article},
  author={Author, A.},
  journal={Journal of Examples},
  volume={1},
  number={1},
  pages={1-10},
  year={2023},
  publisher={Example Publisher}
}